@misc{test,
      author = "Eric Fulton",
      title = "2015 Final Practicum",
      month = "May",
      year = "2015",
      note = "\url{http://mthack.me/test/}"
},

@misc{rfc,
      author = "J. Ashworth",
      title = "The Naming of Hosts",
      month = "April",
      year = "1997",
      note = "\url{https://www.ietf.org/rfc/rfc2100.txt}"
},

@misc{tomcat,
      author = "Tony Lee",
      title = "Manually Exploiting Tomcat Manager",
      month = "September",
      year = "2012",
      note = "\url{http://blog.opensecurityresearch.com/2012/09/manually-exploiting-tomcat-manager.html}"
},

@misc{laudanum,
      author = "Kevin Johnson",
      title = "Laudanum: Injectable Functionality",
      year = "2013",
      note = "\url{http://laudanum.professionallyevil.com/}"
},

@misc{ceasar,
      author = "Robert Eisele",
      title = "Caesar cipher decryption tool",
      year = "2008",
      note = "\url{http://www.xarg.org/tools/caesar-cipher/}"
},
